@InProceedings{Niv:Hal:Kub:07,
  author = 	 {Joakim Nivre and Johan Hall and Sandra K{\"u}bler and Ryan McDonald and Jens Nilsson and Sebastian Riedel and Deniz Yuret},
  title = 	 {{C}o{NLL} 2007 {S}hared {T}ask on {D}ependency {P}arsing},
  booktitle =	 {Proceedings of the {CoNLL} {S}hared {T}ask Session of {EMNLP-CoNLL} 2007},
  pages =	 {915-932},
  year =	 2007,
  address = 	 {}
}

@InProceedings{Sur:Joh:Mey:08,
  author = 	 {Mihai Surdeanu and Richard Johansson and Adam Meyers and Llu{\'i}s M{\`a}rquez and Joakim Nivre},
  title = 	 {The {CoNLL}-2008 Shared Task on Joint Parsing of Syntactic and Semantic Dependencies},
  booktitle =	 {Proceedings of the 12th Conference on Computational Natural Language Learning (CoNLL-2008)},
  pages =	 {159-177},
  year =	 2008,
  address = 	 {}
}

@InProceedings{Haj:Cia:Joh:09,
  author = 	 {Jan Haji\v{c} and Massimiliano Ciaramita and Richard Johansson and Daisuke Kawahara and Maria Ant{\`o}nia Mart{\'i} and Llu{\'i}s M{\`a}rquez and Adam Meyers and Joakim Nivre and Sebastian Pad{\'o} and Jan {\u S}t{\u e}panek and Pavel Stra{\u a}{\`a}k and Mihai Surdeanu and Nianwen Xue and Yi Zhang},
  title = 	 {The {CoNLL}-2009 Shared Task: Syntactic and Semantic Dependencies in Multiple Languages},
  booktitle =	 {Proceedings of the 13th Conference on Computational Natural Language Learning (CoNLL-2009)},
  pages =	 {},
  year =	 2009,
  address = 	 {}
}

@InProceedings{Din:Pal:05,
  author = 	 {Yuan Ding and Martha Palmer},
  title = 	 {Machine translation using probabilistic synchronous dependency insertion grammars},
  booktitle = {Proceedings of the 43rd {M}eeting of the {A}ssociation for {C}omputational {L}inguistics},
  year = 	2005,
  pages = 	 {541$\,$--$\,$548},
  organization = {Association for Computational Linguistics},
  address = 	 {Ann Arbor, MI, USA}}

@Article{Wil:Wie:Hof:09,
  author = 	 {Theresa Wilson and Janyce Wiebe and Paul Hoffman},
  title = 	 {Recognizing Contextual Polarity: An exploration of features for phrase-level sentiment analysis},
  journal = 	 {Computational Linguistics},
  year = 	 2009,
  volume = 	 35,
  number = 	 3,
  pages = 	 {399$\,$--$\,$433}}


@InProceedings{Lap:Vel:Ovr:12,
  author = 	 {Emanuele Lapponi and Erik Velldal and Lilja {\O}vrelid and Jonathon Read},
  title = 	 {Sequence-labeling negation using dependency features},
  booktitle = {Proceedings of the First Joint Conference on Lexical and Computational Semantics},
  year = 	 2012,
  address = 	 {Montreal, Canada}}


@InProceedings{Joh:Hag:No:Lyn:2011,
  author = 	 {Johannessen, Janne Bondi and Hagen, Kristin and N{\o}klestad, Anders and Lynum, Andr{\'e}},
  title = 	 {OBT+ Stat: Evaluation of a combined CG and statistical tagger},
  booktitle = 	 {Constraint Grammar Applications},
  year = 	 {2011},
  address = 	 {Riga, Latvia}}

@InProceedings{Sol:2013,
  author = 	 {Solberg, Per Erik},
  title = 	 {Building gold-standard treebanks for Norwegian},
  booktitle = 	 {Proceedings of NODALIDA 2013},
  year = 	 {2013},
  address = 	 {Oslo, Norway}}

@Book{Faa:Lie:Van:97,
  author = 	 {Faarlund, Jan Terje and Lie, Svein and Vannebo, Kjell Ivar},
  title = 	 {Norsk referansegrammatikk},
  publisher = 	 {Universitetsforlaget},
  year = 	 {1997}}


@inproceedings{Skj:Ovr12,
  address = {Lisbon},
  author = {Skj{\ae}rholt, Arne and {\O}vrelid, Lilja},
  booktitle = {Proceedings of the 11th international workshop on treebanks and linguistic theories},
  editor = {Hendrickx, Iris and K\"{u}bler, Sandra and Simov, Kiril},
  pages = {187--198},
  publisher = {Edi\c{c}\~{o}es Colibri},
  title = {{Impact of treebank characteristics on cross-lingual parser adaptation}},
  year = {2012}
}

@inproceedings{Boh:Niv:12,
 author = {Bohnet, Bernd and Nivre, Joakim},
 title = {A Transition-Based System for Joint Part-of-Speech Tagging 
          and Labeled Non-Projective Dependency Parsing},
 booktitle = {Proceedings of the {C}onference on {E}mpirical {M}ethods in {N}atural {L}anguage {P}rocessing},
 year = {2012},
 address = {},
 pages = {1455--1465},
 numpages = {11},
 publisher = {Association for Computational Linguistics},
}

@InProceedings{Niv:Hal:Nil:06,
  author = 	 {Joakim Nivre and Johan Hall and Jens Nilsson},
  title = 	 {{M}alt{P}arser: A Data-Driven Parser-Generator 
                  for Dependency Parsing},
  booktitle =	 {Proceedings of the International Conference on Language Resources and Evaluation (LREC)},
  address =	 {},
  pages =	 {},
  year =	 2006
}

@InProceedings{McD:Per:Rib:Haj:05,
  author = 	 {Ryan McDonald and Fernando Pereira and Kiril Ribarov and Jan Haji{\v c}},
  title = 	 {Non-projective dependency parsing using spanning tree algorithms},
  booktitle =	 {Proceedings of the {C}onference on {E}mpirical {M}ethods in {N}atural {L}anguage {P}rocessing ({EMNLP})},
  address =	 {},
  pages =	 {525--530},
  year =	 2005
}

@InProceedings{Bal:Niv:12,
  author = 	 {Miguel Ballesteros and Joakim Nivre},
  title = 	 {MaltOptimizer: A System for MaltParser Optimization},
  booktitle = {Proceedings of the Eighth International Conference on Language Resources and Evaluation (LREC)},
  year = 	 2012,
  address = 	 {Istanbul, Turkey}}

@Unpublished{Kin:Sol:Eri:2013,
  author = 	 {Kinn, Kari and Eriksen, Pål Kristian and Solberg, Per Erik},
  year = 	 2013,
  title = 	 {Retningslinjer for morfologisk og syntaktisk annotasjon i Språkbankens gullkorpus},
  organization = 	 {National Library of Norway},
  howpublished = 	 {Unpublished manuscript},
  url = 	 {http://www.nb.no/English/Collection-and-Services/Spraakbanken/Available-resources/Text-Resources}}

@InProceedings{Paj:Ste:09,
  author = 	 {Pajas, Petr and {\u S}t{\u e}panek, Jan},
  title = 	 {System for Querying Syntactically Annotated Corpora},
  booktitle = 	 {Proceedings of the ACL-IJCNLP 2009 Software Demonstrations},
  year = 	 2009,
  pages =	 {33--36},
  address = 	 {Suntec, Singapore}}

@InProceedings{Niv:Nil:Hal:2006,
  author = 	 {Nivre, Joakim and Nilsson, Jens and Hall, Johan},
  title = 	 {Talbanken05: A Swedish Treebank with Phrase Structure and Dependency Annotation},
  booktitle ={Proceedings of the Fifth International Conference on Language Resources and Evaluation (LREC)},
  year = 	 2006,
  address = 	 {Genoa, Italy}}

@InProceedings{Hau:Joh:Eck:Wel:Her:Mut:2009,
  author = 	 {Haug, Dag T. T. and Jøhndal, Marius and Eckhoff, Hanne Martine and Welo, Eirik and Hertzenberg, Mari J. B. and  Muth, Angelika},
  title = 	 {Computational and Linguistic Issues in Designing a Syntactically Annotated Parallel Corpus of Indo-European Languages},
  booktitle = 	 {Traitement Automatique des Langues},
  year = 	 2009}

@Book{Tes:65,
  author = 	 {Tesni\`{e}re, Lucien},
  title = 	 {\'{E}l\'{e}ments de syntaxe structurale},
  publisher = 	 {Librarie C. Klincksieck},
  edition = 	 {2nd},
  year = 	 1965}

@incollection{Boh:Haj:Hla:2003,
  title={The Prague Dependency Treebank},
  author={B{\"o}hmov{\'a}, Alena and Haji{\v{c}}, Jan and Haji{\v{c}}ov{\'a}, Eva and Hladk{\'a}, Barbora},
  booktitle={Treebanks},
  pages={103--127},
  year={2003},
  publisher={Springer}
}

@article{Bra:2004,
  title={TIGER: Linguistic interpretation of a German corpus},
  author={Brants, Sabine and Dipper, Stefanie and Eisenberg, Peter and Hansen-Schirra, Silvia and K{\"o}nig, Esther and Lezius, Wolfgang and Rohrer, Christian and Smith, George and Uszkoreit, Hans},
  journal={Research on Language and Computation},
  volume={2},
  number={4},
  pages={597--620},
  year={2004},
  publisher={Springer}
}

@Article{Mar:San:Mar:09,
  author = 	 {Marcus, Mitchell P. and Santorini, Beatrice and Marcinkiewicz, Mary Ann},
  title = 	 {Building a Large Annotated Corpus of English: The Penn Treebank},
  journal = 	 {Computational Linguistics},
  year = 	 1993,
  volume = 	 35,
  number = 	 3,
  pages = 	 {313-330}}

@Misc{Lyn:13,
  author = 	 {Lynum, Andr\'{e}},
  howpublished = 	 {Software},
  title = 	 {Tag-Annotator},
  year =	 2013,
  url = 	 {github.com/andrely/tag-annotator}
}


@InProceedings{Paj:Ste:08,
  author = 	 {Pajas, Petr and {\u S}t{\u e}panek, Jan},
  title = 	 {Recent Advances in a Feature-rich Framework for Treebank Annotation},
  booktitle = 	 {Proceedings of the 22nd International Conference on Computational Linguistics (Coling 2008)},
  year = 	 2008,
  pages =	 {673--680},
  address = 	 {Manchester, UK}}
